@article{stenstrasser_2017_projeto,
	author = {Stenstrasser, Alexandra Monteiro},
	publisher = {Florianópolis, SC},
	title = {Projeto de trocador de calor a placas por meio de simulação computacional},
	doi = {https://repositorio.ufsc.br/handle/123456789/188734},
	url = {https://repositorio.ufsc.br/handle/123456789/188734},
	urldate = {2024-10-27},
	year = {2017},
	journal = {Ufsc.br}
}

@misc{orlando_2014_aula,
	author = {Orlando, Washington and Bohorquez, Irrazabal},
	month = {05},
	title = {Aula 23 -Trocadores de Calor},
	url = {https://www.ufjf.br/washington_irrazabal/files/2014/05/Aula-23_Trocadores-de-Calor.pdf},
	urldate = {2024-10-26},
	year = {2014}
}


@book{cengel_2012_transferencia,
	author = {Çengel., Yunus A},
	edition = {4},
	publisher = {Mcgraw Hill},
	title = {Transferência De Calor E Massa : Uma Abordagem Prática},
	year = {2012}
}

@misc{ferreira_2016_biblioteca,
	author = {Ferreira, Rúben},
	publisher = {Politécnico Guarda},
	title = {Biblioteca Digital Do IPG: Relatório De Projeto – Guia Laboratorial De Um Permutador De Calor De Tubos Concêntricos},
	url = {https://bdigital.ipg.pt/dspace/handle/10314/3712},
	urldate = {2024-10-27},
	year = {2016},
	organization = {Bdigital.ipg.pt}
}

@misc{incase_2022_trocador,
	author = {INCASE},
	title = {Trocador De Calor - INCASE},
	url = {https://www.incase.com.br/trocador-calor},
	urldate = {2024-10-27},
	year = {2022},
	organization = {INCASE}
}

@misc{abdallah_2018_multi,
	author = {ABDALLAH, LI MOHAMED ALI and AMMAR, AMMAR RAFAT and TAKRORI, AKRAM},
	title = {Multi Pass Shell and Tube Heat Exchanger},
	url = {https://me.emu.edu.tr/Documents/CAPSTONE/PAST%20PROJECTS/2018-19%20Fall/Multipass%20Shell%20and%20Tube%20Heat%20Exchanger%20-%20Report.pdf},
	urldate = {2024-10-27},
	year = {2018},
	organization = {me.emu.edu}
}

@misc{orgeda_2020_trocadores,
	author = {Orgeda, Rodrigo and Yoshi, Henryck Cesar Massao Hungaro},
	publisher = {Unicesumar},
	title = {Trocadores de Calor},
	urldate = {2024-10-26},
	year = {2020},
	organization = {unicesumar.edu}
}


@misc{scikitlearndevelopers_2024_pipeline,
	author = {scikit-learn-developers},
	title = {Pipeline},
	url={https://scikit-learn.org/1.5/modules/generated/sklearn.pipeline.Pipeline.html},
	urldate = {2024-08-24},
	year = {2024},
	organization = {scikit-learn}
}

@article{hunter_2007_matplotlib,
	author = {Hunter, John D.},
	pages = {90-95},
	title = {Matplotlib: A 2D Graphics Environment},
	doi = {10.1109/mcse.2007.55},
	url = {https://ieeexplore.ieee.org/document/4160265},
	urldate = {2024-08-24},
	volume = {9},
	year = {2007},
	journal = {Computing in Science & Engineering}
}

@article{mckinney_2010_data,
	author = {McKinney, Wes},
	title = {Data Structures for Statistical Computing in Python},
	doi = {10.25080/majora-92bf1922-00a},
	volume = {445},
	year = {2010},
	journal = {Proceedings of the 9th Python in Science Conference}
}

@article{harris_2020_array,
	author = {Harris, Charles R. and Millman, K. Jarrod and van der Walt, Stéfan J. and Gommers, Ralf and Virtanen, Pauli and Cournapeau, David and Wieser, Eric and Taylor, Julian and Berg, Sebastian and Smith, Nathaniel J. and Kern, Robert and Picus, Matti and Hoyer, Stephan and van Kerkwijk, Marten H. and Brett, Matthew and Haldane, Allan and del Río, Jaime Fernández and Wiebe, Mark and Peterson, Pearu and Gérard-Marchant, Pierre and Sheppard, Kevin and Reddy, Tyler and Weckesser, Warren and Abbasi, Hameer and Gohlke, Christoph and Oliphant, Travis E.},
	month = {09},
	pages = {357-362},
	title = {Array Programming with NumPy},
	doi = {10.1038/s41586-020-2649-2},
	url = {https://www.nature.com/articles/s41586-020-2649-2},
	urldate = {2024-08-24},
	volume = {585},
	year = {2020},
	journal = {Nature}
}

@article{pedregosa_2011_scikitlearn,
	author = {Pedregosa, F and Varoquaux, G and Gramfort, A and Michel, V and Thirion, B and Grisel, O and Blondel, M and Prettenhofer, P and Weiss, R and Dubourg, V and Vanderplas, J and Passos, A and Cournapeau, D and Brucher, M and Perrot, M and Duchesnay, E},
	pages = {2825–2830},
	title = {Scikit-learn: Machine learning in Python},
	volume = {12},
	year = {2011},
	journal = {Journal of Machine Learning Research}
}

@proceedings{seabold_2010_statsmodels,
	author = {Seabold, Skipper and Perktold, Josef},
	title = {statsmodels: Econometric and statistical modeling with python},
	year = {2010}
}

@proceedings{g_2008_manipulating,
	author = {Gerard-Marchant, G.P},
	month = {12},
	pages = {H51L-07},
	title = {Manipulating environmental time series in Python/Numpy: the Scikits.Timeseries package and its applications.},
	volume = {2008},
	year = {2008}
}
