%! Author = alan
%! Date = 12/22/22

