
@misc{noauthor_quimica_2012,
	title = {Quimica em {LaTeX}},
	url = {https://polignu.org/latex/exemplo/quimica-em-latex},
	language = {pt-br},
	urldate = {2022-11-15},
	journal = {PoliGNU - Grupo de Estudos de Software Livre da Poli-USP},
	month = nov,
	year = {2012},
	file = {Snapshot:/home/alanmiranda/snap/zotero-snap/common/Zotero/storage/8FB6WPNF/quimica-em-latex.html:text/html},
}

@misc{noauthor_identificando_nodate,
	title = {{IDENTIFICANDO} Á{CIDOS} {E} {BASES} {COM} {INDICADORES} - {Monitoria} {Ativa}},
	url = {https://sites.google.com/site/monitoriaativa/home/quimica-geral/roteiros-de-experimentos/identificando-acidos-e-bases-com-indicadores},
	abstract = {Site Educacional},
	urldate = {2022-11-15},
	file = {Snapshot:/home/alanmiranda/snap/zotero-snap/common/Zotero/storage/PN6E6QHF/identificando-acidos-e-bases-com-indicadores.html:text/html},
}

@article{noauthor_laboratorio_2018,
	title = {Laboratório de {Química} – {QUI126}},
	language = {pt},
	year = {2018},
	pages = {10},
	file = {2018 - Laboratório de Química – QUI126.pdf:/home/alanmiranda/snap/zotero-snap/common/Zotero/storage/VYBPDNES/2018 - Laboratório de Química – QUI126.pdf:application/pdf},
}
