%! Author = alanmiranda
%! Date = 05/11/2022

@article{Apelido,
author      = {N. Sobrenome1 and N. Sobrenome2},
title       = {Nome do artigo},
journal     = {Nome do peri\'odico},
year        = {ano},
volume      = {volume},
number      = {n\'umero},
pages       = {PaginaInicial-PaginaFinal},
}

@book{atalho,
  author    = {Autor},
  title     = {Nome do livro},
  publisher = {Editora},
  year      = {ano},
  volume    = {volume},
  series    = {serie},
  address   = {Endereço},
  edition   = {edição},
  month     = {mês},
  note      = {Anotação},
  isbn      = {ISBN}
}

@article{wessberg2000real,
  title     = {Real-time prediction of hand trajectory by ensembles of cortical neurons in primates},
  author    = {Wessberg, Johan and Stambaugh, Christopher R and Kralik,Jerald D and Beck, Pamela D and Laubach, Mark and Chapin, John K and Kim, Jung and Biggs, S James and Srinivasan, Mandayam A and Nicolelis, Miguel AL},
  journal   = {Nature},
  volume    = {408},
  number    = {6810},
  pages     = {361--365},
  year      = {2000},
  publisher = {Nature Publishing Group}
}
