@web_page{SPLABOR2022,
   author = {SPLABOR},
   month = {4},
   title = {O que é um Papel de Tornassol e para que serve?},
   url = {https://www.splabor.com.br/blog/30-produtos-para-laboratorio-de-quimica/o-que-e-um-papel-tornassol-e-para-que-serve/},
   year = {2022},
}
@film{VIDEOLAB2015,
   author = {Prof. César Lisboa},
   title = {Video aula 2: Comportamento da Fenolftaleina e do Alaranjado Metila},
   url = {https://www.youtube.com/watch?v=eFr8DiienEM},
   year = {2015},
}
@film{VIDEOLAB20222,
   author = {Roseli Almeida},
   title = {EXPERIMENTO COM ALARANJADO DE METILA - MEIOS (ÁCIDOS E BÁSICOS)},
   url = {https://www.youtube.com/watch?v=zLk9YaTMaGw},
   year = {2022},
}
@report{ESPECIFICACOES2022,
   abstract = {Especificações Técnicas sobre o Alaranjado de Metila},
   author = {F. Maia},
   title = {Alaranjado de Metila},
   url = {https://pt.wikipedia.org/wiki/Alaranjado_de_metila},
   year = {2022},
}
@web_page{INDICADORES2002,
   author = {Jim Clarck},
   title = {Acid Base Indicators},
   url = {https://www.chemguide.co.uk/physical/acidbaseeqia/indicators.html},
   year = {2002},
}
@working_paper{Supelco2021,
   abstract = {Identificação do produto e da empresa fabricante de "Sal de sódio de azul de bromotimol Indicador hidrossolúvel ACS"},
   author = {Supelco},
   institution = {Sigmaaldrich},
   month = {9},
   pages = {1-8},
   title = {Sal de sódio de azul de bromotimol Indicador hidrossolúvel ACS},
   url = {https://www.sigmaaldrich.com/BR/pt/sds/mm/1.01895},
   year = {2021},
}
