@article{RESUMO_HIDRÓLISE,
   abstract = {RESUMO-A hidrólise é uma reação química em que ocorre a quebra de uma molécula por água, e inclui, na química orgânica, a reação em que utiliza-se um álcali ou um ácido no lugar da água. A hidrólise do acetato de etila foi realizada em meio alcalino, utilizando NaOH, à temperatura de 22, 35 e 45°C, e para determinação da concentração do acetato de etila efetuou-se a titulação de uma alíquota da mistura reacional adicionando-a a HCl e titulando o excesso com NaOH. Os dados experimentais foram ajustados às leis de velocidade de ordem zero, um e dois, utilizando o método integral. O melhor ajuste encontrado foi para a lei de velocidade de segunda ordem, a partir da qual determinou-se as constantes de velocidade (k), e a dependência da mesma com a temperatura, através da equação de Arrehnius. Os valores de k variaram de 20,6 a 33,2 L/mol.min. Determinou-se ainda a energia de ativação (EA) e o fator de frequência (k0), sendo os valores encontrados de 1,7855×10 4 J/mol para EA, e 1,5313×10 6 L/mol.min para k0, estando ambos valores na faixa reportada na literatura. (um espaço)},
   author = {M S De Souza and V M V Cruz and G L Pena and A B De Carvalho and D N Dantas},
   title = {ESTUDO CINÉTICO DA HIDRÓLISE DO ACETATO DE ETILA EM MEIO ALCALINO EM REATOR BATELADA DE TANQUE AGITADO (um espaço) (um espaço)},
}
@web_page{ENTALPIA_NEM,
   author = {Manual do ENEM},
   title = {Entalpia - Manual do Enem},
   url = {https://querobolsa.com.br/enem/quimica/entalpia},
}
@web_page{EQUAÇÃO_ARRENHIUS,
   author = {Lucas Makoto Tanaka dos Santos},
   title = {Equação de Arrhenius - O que é e como usar - Ciência em Ação},
   url = {https://cienciaemacao.com.br/equacao-de-arrhenius/},
}
@web_page{TABELA_ENTALPIAS,
   author = {quimicaparaovestibular},
   title = {Enhanced Reader},
   url = {http://www.quimicaparaovestibular.com.br/wa_files/Tabela_20de_20entalpias_20de_20forma_C3_A7_C3_A3o.pdf},
}
@web_page{TIPOS_ENTALPIA,
   author = {Só Química},
   title = {Entalpia de neutralização, Entalpia de dissolução - Só Química},
   url = {https://www.soquimica.com.br/conteudos/em/termoquimica/p4_2.php},
}
@web_page{LEI_DE_HESS,
   author = {Khan Academy},
   title = {Lei de Hess e variação de entalpia de reação (vídeo) | Khan Academy},
   url = {https://pt.khanacademy.org/science/chemistry/thermodynamics-chemistry/enthalpy-chemistry-sal/v/hess-s-law-and-reaction-enthalpy-change},
}
@web_page{ENTALPIAS-E0FORMAÇÃO_E_REAÇÃO,
   author = {Khan Academy},
   title = {Entalpia de ligação e entalpia de reação (artigo) | Khan Academy},
   url = {https://pt.khanacademy.org/science/chemistry/thermodynamics-chemistry/enthalpy-chemistry-sal/a/bond-enthalpy-and-enthalpy-of-reaction},
}
@web_page{ENTALPIA_NEUTRALIZAÇÃO,
   author = {Jennifer Rocha Vargas Fogaça},
   title = {Entalpia de Neutralização. Variação da Entalpia de Neutralização},
   url = {https://mundoeducacao.uol.com.br/quimica/entalpia-neutralizacao.htm},
}
