@web_page{SPLABOR2022,
   author = {SPLABOR},
   month = {4},
   title = {O que é um Papel de Tornassol e para que serve?},
   url = {https://www.splabor.com.br/blog/30-produtos-para-laboratorio-de-quimica/o-que-e-um-papel-tornassol-e-para-que-serve/},
   year = {2022},
}
@film{VIDEOLAB2015,
   author = {Prof. César Lisboa},
   title = {Video aula 2: Comportamento da Fenolftaleina e do Alaranjado Metila},
   url = {https://www.youtube.com/watch?v=eFr8DiienEM},
   year = {2015},
}
@film{VIDEOLAB20222,
   author = {Roseli Almeida},
   title = {EXPERIMENTO COM ALARANJADO DE METILA - MEIOS (ÁCIDOS E BÁSICOS)},
   url = {https://www.youtube.com/watch?v=zLk9YaTMaGw},
   year = {2022},
}
@report{ESPECIFICACOES2022,
   abstract = {Especificações Técnicas sobre o Alaranjado de Metila},
   author = {F. Maia},
   title = {Alaranjado de Metila},
   url = {https://pt.wikipedia.org/wiki/Alaranjado_de_metila},
   year = {2022},
}
@web_page{INDICADORES2002,
   author = {Jim Clarck},
   title = {Acid Base Indicators},
   url = {https://www.chemguide.co.uk/physical/acidbaseeqia/indicators.html},
   year = {2002},
}
@working_paper{Supelco2021,
   abstract = {Identificação do produto e da empresa fabricante de "Sal de sódio de azul de bromotimol Indicador hidrossolúvel ACS"},
   author = {Supelco},
   institution = {Sigmaaldrich},
   month = {9},
   pages = {1-8},
   title = {Sal de sódio de azul de bromotimol Indicador hidrossolúvel ACS},
   url = {https://www.sigmaaldrich.com/BR/pt/sds/mm/1.01895},
   year = {2021},
}
@web_page{DETERGENTESACD,
	author = {MS, Schippers},
	title = {Detergente ácido, alcalino, ou neutro. Suíno Cultura Industrial},
	url = {https://www.suinoculturaindustrial.com.br/imprensa/detergente-acido-alcalino-ou-neutro-preciso-fazer-rodizio/20210504-153309-y739},
	year = {2021},
	month = {11},
	day = {3}
}
@web_page{HIPOCLORITODESODIO,
	author = {SOUZA, Líria .A},
	title = {Hipoclorito de sódio. Brasil Escola},
	url = {https://brasilescola.uol.com.br/quimica/hipoclorito-sodio.html},
	year = {2018},
	month = {11},
	day = {3}
}
@web_page{LIMAOCOMPOSICAO,
	author = {},
	title = {LIMÃO: A COMPOSIÇÃO DA FRUTA. CRQV},
	url = {https://www.crqv.org.br/index.php?optioncom_contentviewarticle&id=278:limao-a-composicao-da-fruta-e-cuidados-necessariItemid=2483#:~:text=Sua%20f%lcalinos},
	year = {2018},
	month = {11},
	day = {3}
}
@web_page{SUCODEUVA,
	author = {SING, Diego},
	title = {Uva: fonte de vitamina C. Química Seed},
	url = {http://www.quimica.seed.pr.gov.br/modules/galeria/detalhe.php?foto=1287&evento=3},
	year = {2017},
	month = {11},
	day = {3}
}
@web_page{BENEFICIOSUVA,
	author = {SING, Diego},
	title = {Conheça os benefícios dos polifenóis da uva. Minha Saúde},
	url = {https://minhasaude.proteste.org.br/conheca-os-beneficios-dos-polifenois-da-uva/},
	year = {2020},
	month = {1},
	day = {14}
}

