%! Author = ahpqmiranda
%! Date = 11/18/23

